@book{legendre1805nouvelles,
  title={Nouvelles m{\'e}thodes pour la d{\'e}termination des orbites des com{\`e}tes},
  author={Legendre, Adrien Marie},
  year={1805},
  publisher={F. Didot}
}

@book{stigler1986history,
  title={The history of statistics: The measurement of uncertainty before 1900},
  author={Stigler, Stephen M},
  year={1986},
  publisher={Harvard University Press}
}

@book{gauss1809theoria,
  title={Theoria motus corporum coelestium in sectionibus conicis solem ambientium},
  author={Gauss, Carl Friedrich},
  volume={7},
  year={1809},
  publisher={Perthes et Besser}
}

@book{quetelet1827recherches,
  title={Recherches sur la population, les naissances, les d{\'e}c{\`e}s, les prisons, les d{\'e}p{\^o}ts de mendicit{\'e}, etc. dans le royaume des Pays-Bas},
  author={Quetelet, Lambert Adolphe Jacques},
  year={1827}
}

% CART classification and regression trees
@book{cart,
  author = {Breiman, L. and Friedman, J. H. and Olshen, R. A. and Stone, C. J.},
  publisher = {Wadsworth and Brooks},
  title = {Classification and Regression Trees},
  year = {1984}
}

% Overview rule-based ML
@book{furnkranz2012foundations,
  title={Foundations of rule learning},
  author={F{\"u}rnkranz, Johannes and Gamberger, Dragan and Lavra{\v{c}}, Nada},
  year={2012},
  publisher={Springer Science \& Business Media}
}

% Fusion of rule-based ML and linear regression modeling
@article{zeileis2008model,
  title={Model-based recursive partitioning},
  author={Zeileis, Achim and Hothorn, Torsten and Hornik, Kurt},
  journal={Journal of Computational and Graphical Statistics},
  volume={17},
  number={2},
  pages={492--514},
  year={2008},
  publisher={Taylor \& Francis}
}

% Random Forest
@article{breiman2001random,
  title={Random forests},
  author={Breiman, Leo},
  journal={Machine learning},
  volume={45},
  number={1},
  pages={5--32},
  year={2001},
  publisher={Springer}
}

% Improvement of variable importance
@article{strobl2008conditional,
  title={Conditional variable importance for random forests},
  author={Strobl, Carolin and Boulesteix, Anne-Laure and Kneib, Thomas and Augustin, Thomas and Zeileis, Achim},
  journal={BMC bioinformatics},
  volume={9},
  number={1},
  pages={307},
  year={2008},
  publisher={Springer}
}

% Improving random forest variable importance
@article{strobl2007bias,
  title={Bias in random forest variable importance measures: Illustrations, sources and a solution},
  author={Strobl, Carolin and Boulesteix, Anne-Laure and Zeileis, Achim and Hothorn, Torsten},
  journal={BMC bioinformatics},
  volume={8},
  number={1},
  pages={25},
  year={2007},
  publisher={Springer}
}

% Improving random forest variable importance
@article{hapfelmeier2014new,
  title={A new variable importance measure for random forests with missing data},
  author={Hapfelmeier, Alexander and Hothorn, Torsten and Ulm, Kurt and Strobl, Carolin},
  journal={Statistics and Computing},
  volume={24},
  number={1},
  pages={21--34},
  year={2014},
  publisher={Springer}
}

@article{ishwaran2007variable,
  title={Variable importance in binary regression trees and forests},
  author={Ishwaran, Hemant and others},
  journal={Electronic Journal of Statistics},
  volume={1},
  pages={519--537},
  year={2007},
  publisher={The Institute of Mathematical Statistics and the Bernoulli Society}
}


@Article{iml,
    author = {Christoph Molnar and Bernd Bischl and Giuseppe Casalicchio},
    title = {iml: An {R} package for Interpretable Machine Learning},
    year = {2018},
    publisher = {Journal of Open Source Software},
    volume = {3},
    number = {26},
    pages = {786},
    journal = {JOSS},
}

@article{biecek2018dalex,
  title={DALEX: explainers for complex predictive models in R},
  author={Biecek, Przemys{\l}aw},
  journal={The Journal of Machine Learning Research},
  volume={19},
  number={1},
  pages={3245--3249},
  year={2018},
  publisher={JMLR. org}
}

@article{pedregosa2011scikit,
  title={Scikit-learn: Machine learning in Python},
  author={Pedregosa, Fabian and Varoquaux, Ga{\"e}l and Gramfort, Alexandre and Michel, Vincent and Thirion, Bertrand and Grisel, Olivier and Blondel, Mathieu and Prettenhofer, Peter and Weiss, Ron and Dubourg, Vincent and others},
  journal={Journal of machine learning research},
  volume={12},
  number={Oct},
  pages={2825--2830},
  year={2011}
}

% What-If Tool from Google
@article{wexler2019if,
  title={The what-if tool: Interactive probing of machine learning models},
  author={Wexler, James and Pushkarna, Mahima and Bolukbasi, Tolga and Wattenberg, Martin and Vi{\'e}gas, Fernanda and Wilson, Jimbo},
  journal={IEEE transactions on visualization and computer graphics},
  volume={26},
  number={1},
  pages={56--65},
  year={2019},
  publisher={IEEE}
}

@article{arya2020ai,
  title={AI Explainability 360: An Extensible Toolkit for Understanding Data and Machine Learning Models},
  author={Arya, Vijay and Bellamy, Rachel KE and Chen, Pin-Yu and Dhurandhar, Amit and Hind, Michael and Hoffman, Samuel C and Houde, Stephanie and Liao, Q Vera and Luss, Ronny and Mojsilovic, Aleksandra and others},
  journal={Journal of Machine Learning Research},
  volume={21},
  number={130},
  pages={1--6},
  year={2020}
}

@article{hall2017machine,
  title={Machine learning interpretability with h2o driverless ai},
  author={Hall, Patrick and Gill, Navdeep and Kurka, Megan and Phan, Wen},
  journal={H2O. ai. URL: http://docs. h2o. ai/driverless-ai/latest-stable/docs/booklets/MLIBooklet. pdf},
  year={2017}
}

@article{klaise2020alibi,
  title={Alibi: Algorithms for monitoring and explaining machine learning models},
  author={Klaise, Janis and Van Looveren, A and Vacanti, G and Coca, A},
  journal={URL https://github. com/SeldonIO/alibi},
  year={2020}
}

@article{nori2019interpretml,
  title={Interpretml: A unified framework for machine learning interpretability},
  author={Nori, Harsha and Jenkins, Samuel and Koch, Paul and Caruana, Rich},
  journal={arXiv preprint arXiv:1909.09223},
  year={2019}
}

@article{sundararajan2017axiomatic,
  title={Axiomatic attribution for deep networks},
  author={Sundararajan, Mukund and Taly, Ankur and Yan, Qiqi},
  journal={arXiv preprint arXiv:1703.01365},
  year={2017}
}

@inproceedings{lundberg2017unified,
  title={A unified approach to interpreting model predictions},
  author={Lundberg, Scott M and Lee, Su-In},
  booktitle={Advances in neural information processing systems},
  pages={4765--4774},
  year={2017}
}

@article{lundberg2018consistent,
  title={Consistent individualized feature attribution for tree ensembles},
  author={Lundberg, Scott M and Erion, Gabriel G and Lee, Su-In},
  journal={arXiv preprint arXiv:1802.03888},
  year={2018}
}

@article{montavon2017explaining,
  title={Explaining nonlinear classification decisions with deep taylor decomposition},
  author={Montavon, Gr{\'e}goire and Lapuschkin, Sebastian and Binder, Alexander and Samek, Wojciech and M{\"u}ller, Klaus-Robert},
  journal={Pattern Recognition},
  volume={65},
  pages={211--222},
  year={2017},
  publisher={Elsevier}
}

@article{simonyan2013deep,
  title={Deep inside convolutional networks: Visualising image classification models and saliency maps},
  author={Simonyan, Karen and Vedaldi, Andrea and Zisserman, Andrew},
  journal={arXiv preprint arXiv:1312.6034},
  year={2013}
}

@article{shrikumar2016not,
  title={Not just a black box: Learning important features through propagating activation differences},
  author={Shrikumar, Avanti and Greenside, Peyton and Shcherbina, Anna and Kundaje, Anshul},
  journal={arXiv preprint arXiv:1605.01713},
  year={2016}
}

@inproceedings{zeiler2014visualizing,
  title={Visualizing and understanding convolutional networks},
  author={Zeiler, Matthew D and Fergus, Rob},
  booktitle={European conference on computer vision},
  pages={818--833},
  year={2014},
  organization={Springer}
}

@inproceedings{ribeiro2016should,
  title={" Why should I trust you?" Explaining the predictions of any classifier},
  author={Ribeiro, Marco Tulio and Singh, Sameer and Guestrin, Carlos},
  booktitle={Proceedings of the 22nd ACM SIGKDD international conference on knowledge discovery and data mining},
  pages={1135--1144},
  year={2016}
}

@Manual{randomForestExplainer,
  title = {randomForestExplainer: Explaining and Visualizing Random Forests in Terms of Variable
Importance},
  author = {Aleksandra Paluszynska and Przemyslaw Biecek and Yue Jiang},
  year = {2020},
  note = {R package version 0.10.1},
  url = {https://CRAN.R-project.org/package=randomForestExplainer},
}

@article{lipton2018mythos,
  title={The mythos of model interpretability},
  author={Lipton, Zachary C},
  journal={Queue},
  volume={16},
  number={3},
  pages={31--57},
  year={2018},
  publisher={ACM New York, NY, USA}
}

@article{poursabzi2018manipulating,
  title={Manipulating and measuring model interpretability},
  author={Poursabzi-Sangdeh, Forough and Goldstein, Daniel G and Hofman, Jake M and Vaughan, Jennifer Wortman and Wallach, Hanna},
  journal={arXiv preprint arXiv:1802.07810},
  year={2018}
}

@inproceedings{molnar2019quantifying,
  title={Quantifying Model Complexity via Functional Decomposition for Better Post-hoc Interpretability},
  author={Molnar, Christoph and Casalicchio, Giuseppe and Bischl, Bernd},
  booktitle={Joint European Conference on Machine Learning and Knowledge Discovery in Databases},
  pages={193--204},
  year={2019},
  organization={Springer}
}



@incollection{akaike1998information,
  title={Information theory and an extension of the maximum likelihood principle},
  author={Akaike, Hirotogu},
  booktitle={Selected papers of hirotugu akaike},
  pages={199--213},
  year={1998},
  publisher={Springer}
}


@article{schwarz1978estimating,
  title={Estimating the dimension of a model},
  author={Schwarz, Gideon and others},
  journal={The annals of statistics},
  volume={6},
  number={2},
  pages={461--464},
  year={1978},
  publisher={Institute of Mathematical Statistics}
}




@article{philipp2018measuring,
	  title={Measuring the Stability of Results from Supervised Statistical Learning},
	  author={Philipp, Michel and Rusch, Thomas and Hornik, Kurt and Strobl, Carolin},
	  journal={Journal of Computational and Graphical Statistics},
	  volume={27},
	  number={4},
	  pages={685--700},
	  year={2018},
	  publisher={Taylor \& Francis}
}


@article{hauenstein2018computing,
	title={Computing AIC for black-box models using generalized degrees of freedom: A comparison with cross-validation},
	author={Hauenstein, Severin and Wood, Simon N and Dormann, Carsten F},
	journal={Communications in Statistics-Simulation and Computation},
	volume={47},
	number={5},
	pages={1382--1396},
	year={2018},
	publisher={Taylor \& Francis}
}


@article{dhurandhar2017tip,
    author    = {Amit Dhurandhar and
                 Vijay Iyengar and
                 Ronny Luss and
                 Karthikeyan Shanmugam},
    title     = {{TIP:} Typifying the Interpretability of Procedures},
    journal   = {arXiv preprint arXiv:1706.02952},
    year      = {2017},
    opturl       = {http://arxiv.org/abs/1706.02952},
    archivePrefix = {arXiv},
    eprint    = {1706.02952},
    timestamp = {Mon, 13 Aug 2018 16:48:50 +0200},
    biburl    = {https://dblp.org/rec/bib/journals/corr/DhurandharILS17},
    bibsource = {dblp computer science bibliography, https://dblp.org}
}

@article{friedler2019assessing,
  title={Assessing the Local Interpretability of Machine Learning Models},
  author={Friedler, Sorelle A and Roy, Chitradeep Dutta and Scheidegger, Carlos and Slack, Dylan},
  journal={arXiv preprint arXiv:1902.03501},
  year={2019}
}

@inproceedings{zhou2018measuring,
	title={Measuring Interpretability for Different Types of Machine Learning Models},
	author={Zhou, Qing and Liao, Fenglu and Mou, Chao and Wang, Ping},
	booktitle={Pacific-Asia Conference on Knowledge Discovery and Data Mining},
	pages={295--308},
        year={2018},
        :organization={Springer}
}

@article{fisher2019all,
  title={All models are wrong, but many are useful: Learning a variable’s importance by studying an entire class of prediction models simultaneously},
  author={Fisher, Aaron and Rudin, Cynthia and Dominici, Francesca},
  journal={Journal of Machine Learning Research},
  volume={20},
  number={177},
  pages={1--81},
  year={2019}
}

@article{shapley1953value,
  title={A value for n-person games},
  author={Shapley, Lloyd S},
  journal={Contributions to the Theory of Games},
  volume={2},
  number={28},
  pages={307--317},
  year={1953}
}

@article{vstrumbelj2014explaining,
  title={Explaining prediction models and individual predictions with feature contributions},
  author={{\v{S}}trumbelj, Erik and Kononenko, Igor},
  journal={Knowledge and information systems},
  volume={41},
  number={3},
  pages={647--665},
  year={2014},
  publisher={Springer}
}

@article{puri2017magix,
  title={Magix: Model agnostic globally interpretable explanations},
  author={Puri, Nikaash and Gupta, Piyush and Agarwal, Pratiksha and Verma, Sukriti and Krishnamurthy, Balaji},
  journal={arXiv preprint arXiv:1706.07160},
  year={2017}
}

@book{molnar2019,
  title      = {Interpretable Machine Learning},
  author     = {Christoph Molnar},
  note       = {\url{https://christophm.github.io/interpretable-ml-book/}},
  year       = {2019},
  subtitle   = {A Guide for Making Black Box Models Explainable}
}

@article{ming2018rulematrix,
  title={Rulematrix: Visualizing and understanding classifiers with rules},
  author={Ming, Yao and Qu, Huamin and Bertini, Enrico},
  journal={IEEE transactions on visualization and computer graphics},
  volume={25},
  number={1},
  pages={342--352},
  year={2018},
  publisher={IEEE}
}

@article{andrews1995survey,
  title={Survey and critique of techniques for extracting rules from trained artificial neural networks},
  author={Andrews, Robert and Diederich, Joachim and Tickle, Alan B},
  journal={Knowledge-based systems},
  volume={8},
  number={6},
  pages={373--389},
  year={1995},
  publisher={Elsevier}
}

@inproceedings{augasta2012rule,
  title={Rule extraction from neural networks—A comparative study},
  author={Augasta, M Gethsiyal and Kathirvalavakumar, T},
  booktitle={International Conference on Pattern Recognition, Informatics and Medical Engineering (PRIME-2012)},
  pages={404--408},
  year={2012},
  organization={IEEE}
}

@article{friedman2001greedy,
  title={Greedy function approximation: a gradient boosting machine},
  author={Friedman, Jerome H},
  journal={Annals of statistics},
  pages={1189--1232},
  year={2001},
  publisher={JSTOR}
}

@article{wei2015variable,
  title={Variable importance analysis: a comprehensive review},
  author={Wei, Pengfei and Lu, Zhenzhou and Song, Jingwen},
  journal={Reliability Engineering \& System Safety},
  volume={142},
  pages={399--432},
  year={2015},
  publisher={Elsevier}
}

@article{apley2016visualizing,
  title={Visualizing the effects of predictor variables in black box supervised learning models},
  author={Apley, Daniel W and Zhu, Jingyu},
  journal={arXiv preprint arXiv:1612.08468},
  year={2016}
}

@article{goldstein2015peeking,
  title={Peeking inside the black box: Visualizing statistical learning with plots of individual conditional expectation},
  author={Goldstein, Alex and Kapelner, Adam and Bleich, Justin and Pitkin, Emil},
  journal={Journal of Computational and Graphical Statistics},
  volume={24},
  number={1},
  pages={44--65},
  year={2015},
  publisher={Taylor \& Francis}
}

@article{molnar2020pitfalls,
  title={Pitfalls to Avoid when Interpreting Machine Learning Models},
  author={Molnar, Christoph and K{\"o}nig, Gunnar and Herbinger, Julia and Freiesleben, Timo and Dandl, Susanne and Scholbeck, Christian A and Casalicchio, Giuseppe and Grosse-Wentrup, Moritz and Bischl, Bernd},
  journal={arXiv preprint arXiv:2007.04131},
  year={2020}
}

@article{sundararajan2019many,
  title={The many Shapley values for model explanation},
  author={Sundararajan, Mukund and Najmi, Amir},
  journal={arXiv preprint arXiv:1908.08474},
  year={2019}
}

@article{watson2019testing,
  title={Testing Conditional Independence in Supervised Learning Algorithms},
  author={Watson, David S and Wright, Marvin N},
  journal={arXiv preprint arXiv:1901.09917},
  year={2019}
}

@article{janzing2019feature,
  title={Feature relevance quantification in explainable AI: A causality problem},
  author={Janzing, Dominik and Minorics, Lenon and Bl{\"o}baum, Patrick},
  journal={arXiv preprint arXiv:1910.13413},
  year={2019}
}


@article{candes2018panning,
  title={Panning for gold:‘model-X’knockoffs for high dimensional controlled variable selection},
  author={Candes, Emmanuel and Fan, Yingying and Janson, Lucas and Lv, Jinchi},
  journal={Journal of the Royal Statistical Society: Series B (Statistical Methodology)},
  volume={80},
  number={3},
  pages={551--577},
  year={2018},
  publisher={Wiley Online Library}
}

@article{molnar2020model,
  title={Model-agnostic Feature Importance and Effects with Dependent Features--A Conditional Subgroup Approach},
  author={Molnar, Christoph and K{\"o}nig, Gunnar and Bischl, Bernd and Casalicchio, Giuseppe},
  journal={arXiv preprint arXiv:2006.04628},
  year={2020}
}

@article{doshi2017towards,
  title={Towards a rigorous science of interpretable machine learning},
  author={Doshi-Velez, Finale and Kim, Been},
  journal={arXiv preprint arXiv:1702.08608},
  year={2017}
}

@article{fabi2020feature,
  title={On Feature Relevance Uncertainty: A Monte Carlo Dropout Sampling Approach},
  author={Fabi, Kai and Schneider, Jonas},
  journal={arXiv preprint arXiv:2008.01468},
  year={2020}
}

@article{williamson2020efficient,
  title={Efficient nonparametric statistical inference on population feature importance using Shapley values},
  author={Williamson, Brian D and Feng, Jean},
  journal={arXiv preprint arXiv:2006.09481},
  year={2020}
}

@article{friedman2008predictive,
  title={Predictive learning via rule ensembles},
  author={Friedman, Jerome H and Popescu, Bogdan E and others},
  journal={The Annals of Applied Statistics},
  volume={2},
  number={3},
  pages={916--954},
  year={2008},
  publisher={Institute of Mathematical Statistics}
}

@misc{vapnik1974theory,
  title={Theory of pattern recognition},
  author={Vapnik, Vladimir and Chervonenkis, Alexey},
  year={1974},
  publisher={Nauka, Moscow}
}

@article{schapire1990strength,
  title={The strength of weak learnability},
  author={Schapire, Robert E},
  journal={Machine learning},
  volume={5},
  number={2},
  pages={197--227},
  year={1990},
  publisher={Springer}
}

@article{olah2017feature,
  author = {Olah, Chris and Mordvintsev, Alexander and Schubert, Ludwig},
  title = {Feature Visualization},
  journal = {Distill},
  year = {2017},
  note = {https://distill.pub/2017/feature-visualization},
  doi = {10.23915/distill.00007}
}

@article{ishwaran2010high,
  title={High-dimensional variable selection for survival data},
  author={Ishwaran, Hemant and Kogalur, Udaya B and Gorodeski, Eiran Z and Minn, Andy J and Lauer, Michael S},
  journal={Journal of the American Statistical Association},
  volume={105},
  number={489},
  pages={205--217},
  year={2010},
  publisher={Taylor \& Francis}
}

@article{cutler2007random,
  title={Random forests for classification in ecology},
  author={Cutler, D Richard and Edwards Jr, Thomas C and Beard, Karen H and Cutler, Adele and Hess, Kyle T and Gibson, Jacob and Lawler, Joshua J},
  journal={Ecology},
  volume={88},
  number={11},
  pages={2783--2792},
  year={2007},
  publisher={Wiley Online Library}
}

@article{dandl2020multi,
  title={Multi-Objective Counterfactual Explanations},
  author={Dandl, Susanne and Molnar, Christoph and Binder, Martin and Bischl, Bernd},
  journal={arXiv preprint arXiv:2004.11165},
  year={2020}
}

@article{wachter2017counterfactual,
  title={Counterfactual explanations without opening the black box: Automated decisions and the GDPR},
  author={Wachter, Sandra and Mittelstadt, Brent and Russell, Chris},
  journal={Harv. JL \& Tech.},
  volume={31},
  pages={841},
  year={2017},
  publisher={HeinOnline}
}

@article{miller2019explanation,
  title={Explanation in artificial intelligence: Insights from the social sciences},
  author={Miller, Tim},
  journal={Artificial Intelligence},
  volume={267},
  pages={1--38},
  year={2019},
  publisher={Elsevier}
}

@article{frosst2017distilling,
  title={Distilling a neural network into a soft decision tree},
  author={Frosst, Nicholas and Hinton, Geoffrey},
  journal={arXiv preprint arXiv:1711.09784},
  year={2017}
}

@article{bastani2017interpreting,
  title={Interpreting blackbox models via model extraction},
  author={Bastani, Osbert and Kim, Carolyn and Bastani, Hamsa},
  journal={arXiv preprint arXiv:1705.08504},
  year={2017}
}

@article{vilone2020explainable,
  title={Explainable Artificial Intelligence: a Systematic Review},
  author={Vilone, Giulia and Longo, Luca},
  journal={arXiv preprint arXiv:2006.00093},
  year={2020}
}

@article{freitas2014comprehensible,
  title={Comprehensible classification models: a position paper},
  author={Freitas, Alex A},
  journal={ACM SIGKDD explorations newsletter},
  volume={15},
  number={1},
  pages={1--10},
  year={2014},
  publisher={ACM New York, NY, USA}
}

@article{huysmans2011empirical,
  title={An empirical evaluation of the comprehensibility of decision table, tree and rule based predictive models},
  author={Huysmans, Johan and Dejaeger, Karel and Mues, Christophe and Vanthienen, Jan and Baesens, Bart},
  journal={Decision Support Systems},
  volume={51},
  number={1},
  pages={141--154},
  year={2011},
  publisher={Elsevier}
}

@inproceedings{craven1996extracting,
  title={Extracting tree-structured representations of trained networks},
  author={Craven, Mark and Shavlik, Jude W},
  booktitle={Advances in neural information processing systems},
  pages={24--30},
  year={1996}
}

@inproceedings{krishnan2017palm,
  title={Palm: Machine learning explanations for iterative debugging},
  author={Krishnan, Sanjay and Wu, Eugene},
  booktitle={Proceedings of the 2nd Workshop on Human-In-the-Loop Data Analytics},
  pages={1--6},
  year={2017}
}

@article{guidotti2018survey,
  title={A survey of methods for explaining black box models},
  author={Guidotti, Riccardo and Monreale, Anna and Ruggieri, Salvatore and Turini, Franco and Giannotti, Fosca and Pedreschi, Dino},
  journal={ACM computing surveys (CSUR)},
  volume={51},
  number={5},
  pages={1--42},
  year={2018},
  publisher={ACM New York, NY, USA}
}

@article{rosenfeld2019explainability,
  title={Explainability in human--agent systems},
  author={Rosenfeld, Avi and Richardson, Ariella},
  journal={Autonomous Agents and Multi-Agent Systems},
  volume={33},
  number={6},
  pages={673--705},
  year={2019},
  publisher={Springer}
}

@article{adadi2018peeking,
  title={Peeking inside the black-box: A survey on Explainable Artificial Intelligence (XAI)},
  author={Adadi, Amina and Berrada, Mohammed},
  journal={IEEE Access},
  volume={6},
  pages={52138--52160},
  year={2018},
  publisher={IEEE}
}

@article{konig2020relative,
  title={Relative Feature Importance},
  author={K{\"o}nig, Gunnar and Molnar, Christoph and Bischl, Bernd and Grosse-Wentrup, Moritz},
  journal={arXiv preprint arXiv:2007.08283},
  year={2020}
}

@inproceedings{ma2020predictive,
  title={Predictive and Causal Implications of using Shapley Value for Model Interpretation},
  author={Ma, Sisi and Tourani, Roshan},
  booktitle={Proceedings of the 2020 KDD Workshop on Causal Discovery},
  pages={23--38},
  year={2020},
  organization={PMLR}
}

@article{schmidhuber2015deep,
  title={Deep learning in neural networks: An overview},
  author={Schmidhuber, J{\"u}rgen},
  journal={Neural networks},
  volume={61},
  pages={85--117},
  year={2015},
  publisher={Elsevier}
}

@inproceedings{hall2019systematic,
  title={A Systematic Method to Understand Requirements for Explainable AI (XAI) Systems},
  author={Hall, Mark and Harborne, Daniel and Tomsett, Richard and Galetic, Vedran and Quintana-Amate, Santiago and Nottle, Alistair and Preece, Alun},
  booktitle={Proceedings of the IJCAI Workshop on eXplainable Artificial Intelligence (XAI 2019), Macau, China},
  year={2019}
}

@inproceedings{anjomshoae2019explainable,
  title={Explainable agents and robots: Results from a systematic literature review},
  author={Anjomshoae, Sule and Najjar, Amro and Calvaresi, Davide and Fr{\"a}mling, Kary},
  booktitle={18th International Conference on Autonomous Agents and Multiagent Systems (AAMAS 2019), Montreal, Canada, May 13--17, 2019},
  pages={1078--1088},
  year={2019},
  organization={International Foundation for Autonomous Agents and Multiagent Systems}
}


@article{du2019techniques,
  title={Techniques for interpretable machine learning},
  author={Du, Mengnan and Liu, Ninghao and Hu, Xia},
  journal={Communications of the ACM},
  volume={63},
  number={1},
  pages={68--77},
  year={2019},
  publisher={ACM New York, NY, USA}
}
@article{mohseni2018multidisciplinary,
  title={A Multidisciplinary Survey and Framework for Design and Evaluation of Explainable AI Systems},
  author={Mohseni, Sina and Zarei, Niloofar and Ragan, Eric D},
  journal={arXiv},
  pages={arXiv--1811},
  year={2018}
}

@article{murdoch2019definitions,
  title={Definitions, methods, and applications in interpretable machine learning},
  author={Murdoch, W James and Singh, Chandan and Kumbier, Karl and Abbasi-Asl, Reza and Yu, Bin},
  journal={Proceedings of the National Academy of Sciences},
  volume={116},
  number={44},
  pages={22071--22080},
  year={2019},
  publisher={National Acad Sciences}
}

@article{carvalho2019machine,
  title={Machine learning interpretability: A survey on methods and metrics},
  author={Carvalho, Diogo V and Pereira, Eduardo M and Cardoso, Jaime S},
  journal={Electronics},
  volume={8},
  number={8},
  pages={832},
  year={2019},
  publisher={Multidisciplinary Digital Publishing Institute}
}

@incollection{samek2019towards,
  title={Towards explainable artificial intelligence},
  author={Samek, Wojciech and M{\"u}ller, Klaus-Robert},
  booktitle={Explainable AI: interpreting, explaining and visualizing deep learning},
  pages={5--22},
  year={2019},
  publisher={Springer}
}

@article{preece2018stakeholders,
  title={Stakeholders in explainable AI},
  author={Preece, Alun and Harborne, Dan and Braines, Dave and Tomsett, Richard and Chakraborty, Supriyo},
  journal={arXiv preprint arXiv:1810.00184},
  year={2018}
}

@inproceedings{gade2019explainable,
  title={Explainable AI in industry},
  author={Gade, Krishna and Geyik, Sahin Cem and Kenthapadi, Krishnaram and Mithal, Varun and Taly, Ankur},
  booktitle={Proceedings of the 25th ACM SIGKDD International Conference on Knowledge Discovery \& Data Mining},
  pages={3203--3204},
  year={2019}
}

@article{hu2018locally,
  title={Locally interpretable models and effects based on supervised partitioning (LIME-SUP)},
  author={Hu, Linwei and Chen, Jie and Nair, Vijayan N and Sudjianto, Agus},
  journal={arXiv preprint arXiv:1806.00663},
  year={2018}
}

@inproceedings{rabold2018explaining,
  title={Explaining black-box classifiers with ILP--empowering LIME with Aleph to approximate non-linear decisions with relational rules},
  author={Rabold, Johannes and Siebers, Michael and Schmid, Ute},
  booktitle={International Conference on Inductive Logic Programming},
  pages={105--117},
  year={2018},
  organization={Springer}
}

@inproceedings{rabold2019enriching,
  title={Enriching visual with verbal explanations for relational concepts--combining LIME with Aleph},
  author={Rabold, Johannes and Deininger, Hannah and Siebers, Michael and Schmid, Ute},
  booktitle={Joint European Conference on Machine Learning and Knowledge Discovery in Databases},
  pages={180--192},
  year={2019},
  organization={Springer}
}

@article{visani2020optilime,
  title={OptiLIME: Optimized LIME Explanations for Diagnostic Computer Algorithms},
  author={Visani, Giorgio and Bagli, Enrico and Chesani, Federico},
  journal={arXiv preprint arXiv:2006.05714},
  year={2020}
}

@article{haunschmid2020audiolime,
  title={audioLIME: Listenable Explanations Using Source Separation},
  author={Haunschmid, Verena and Manilow, Ethan and Widmer, Gerhard},
  journal={arXiv preprint arXiv:2008.00582},
  year={2020}
}


@article{rahnama2019study,
  title={A study of data and label shift in the LIME framework},
  author={Rahnama, Amir Hossein Akhavan and Bostr{\"o}m, Henrik},
  journal={arXiv preprint arXiv:1910.14421},
  year={2019}
}

@inproceedings{shankaranarayana2019alime,
  title={ALIME: Autoencoder based approach for local interpretability},
  author={Shankaranarayana, Sharath M and Runje, Davor},
  booktitle={International Conference on Intelligent Data Engineering and Automated Learning},
  pages={454--463},
  year={2019},
  organization={Springer}
}

@inproceedings{caruana2015intelligible,
  title={Intelligible models for healthcare: Predicting pneumonia risk and hospital 30-day readmission},
  author={Caruana, Rich and Lou, Yin and Gehrke, Johannes and Koch, Paul and Sturm, Marc and Elhadad, Noemie},
  booktitle={Proceedings of the 21th ACM SIGKDD international conference on knowledge discovery and data mining},
  pages={1721--1730},
  year={2015}
}

@book{hastie1990generalized,
  title={Generalized additive models},
  author={Hastie, Trevor J and Tibshirani, Robert J},
  volume={43},
  year={1990},
  publisher={CRC press}
}
@book{fahrmeir2013multivariate,
  title={Multivariate statistical modelling based on generalized linear models},
  author={Fahrmeir, Ludwig and Tutz, Gerhard},
  year={2013},
  publisher={Springer Science \& Business Media}
}

@book{gelman2006data,
  title={Data analysis using regression and multilevel/hierarchical models},
  author={Gelman, Andrew and Hill, Jennifer},
  year={2006},
  publisher={Cambridge university press}
}

@article{fasiolo2020scalable,
  title={Scalable visualization methods for modern generalized additive models},
  author={Fasiolo, Matteo and Nedellec, Rapha{\"e}l and Goude, Yannig and Wood, Simon N},
  journal={Journal of computational and Graphical Statistics},
  volume={29},
  number={1},
  pages={78--86},
  year={2020},
  publisher={Taylor \& Francis}
}

@article{fasiolo2020fast,
  title={Fast calibrated additive quantile regression},
  author={Fasiolo, Matteo and Wood, Simon N and Zaffran, Margaux and Nedellec, Rapha{\"e}l and Goude, Yannig},
  journal={Journal of the American Statistical Association},
  pages={1--11},
  year={2020},
  publisher={Taylor \& Francis}
}

@article{head2015extent,
  title={The extent and consequences of p-hacking in science},
  author={Head, Megan L and Holman, Luke and Lanfear, Rob and Kahn, Andrew T and Jennions, Michael D},
  journal={PLoS Biol},
  volume={13},
  number={3},
  pages={e1002106},
  year={2015},
  publisher={Public Library of Science}
}

@article{begg1994publication,
  title={Publication bias},
  author={Begg, Colin B},
  journal={The handbook of research synthesis},
  volume={25},
  pages={299--409},
  year={1994}
}

@article{ustun2016supersparse,
  title={Supersparse linear integer models for optimized medical scoring systems},
  author={Ustun, Berk and Rudin, Cynthia},
  journal={Machine Learning},
  volume={102},
  number={3},
  pages={349--391},
  year={2016},
  publisher={Springer}
}

@inproceedings{wang2015falling,
  title={Falling rule lists},
  author={Wang, Fulton and Rudin, Cynthia},
  booktitle={Artificial Intelligence and Statistics},
  pages={1013--1022},
  year={2015}
}


@article{letham2015interpretable,
  title={Interpretable classifiers using rules and bayesian analysis: Building a better stroke prediction model},
  author={Letham, Benjamin and Rudin, Cynthia and McCormick, Tyler H and Madigan, David and others},
  journal={The Annals of Applied Statistics},
  volume={9},
  number={3},
  pages={1350--1371},
  year={2015},
  publisher={Institute of Mathematical Statistics}
}

@article{hothorn2015ctree,
  title={ctree: Conditional inference trees},
  author={Hothorn, Torsten and Hornik, Kurt and Zeileis, Achim},
  journal={The Comprehensive R Archive Network},
  volume={8},
  year={2015}
}

@article{mohseni2018human,
  title={A human-grounded evaluation benchmark for local explanations of machine learning},
  author={Mohseni, Sina and Ragan, Eric D},
  journal={arXiv preprint arXiv:1801.05075},
  year={2018}
}

@inproceedings{chromik2020taxonomy,
  title={A Taxonomy for Human Subject Evaluation of Black-Box Explanations in XAI.},
  author={Chromik, Michael and Schuessler, Martin},
  booktitle={ExSS-ATEC@ IUI},
  year={2020}
}

@article{hoffman2018metrics,
  title={Metrics for explainable AI: Challenges and prospects},
  author={Hoffman, Robert R and Mueller, Shane T and Klein, Gary and Litman, Jordan},
  journal={arXiv preprint arXiv:1812.04608},
  year={2018}
}

@article{laugel2019dangers,
  title={The dangers of post-hoc interpretability: Unjustified counterfactual explanations},
  author={Laugel, Thibault and Lesot, Marie-Jeanne and Marsala, Christophe and Renard, Xavier and Detyniecki, Marcin},
  journal={arXiv preprint arXiv:1907.09294},
  year={2019}
}

@article{hooker2019please,
  title={Please stop permuting features: An explanation and alternatives},
  author={Hooker, Giles and Mentch, Lucas},
  journal={arXiv preprint arXiv:1905.03151},
  year={2019}
}

@inproceedings{adebayo2018sanity,
  title={Sanity checks for saliency maps},
  author={Adebayo, Julius and Gilmer, Justin and Muelly, Michael and Goodfellow, Ian and Hardt, Moritz and Kim, Been},
  booktitle={Advances in Neural Information Processing Systems},
  pages={9505--9515},
  year={2018}
}

@article{botari2020melime,
  title={MeLIME: Meaningful Local Explanation for Machine Learning Models},
  author={Botari, Tiago and Hvilsh{\o}j, Frederik and Izbicki, Rafael and de Carvalho, Andre CPLF},
  journal={arXiv preprint arXiv:2009.05818},
  year={2020}
}

@article{kumar2020problems,
  title={Problems with Shapley-value-based explanations as feature importance measures},
  author={Kumar, I Elizabeth and Venkatasubramanian, Suresh and Scheidegger, Carlos and Friedler, Sorelle},
  journal={arXiv preprint arXiv:2002.11097},
  year={2020}
}

@inproceedings{casalicchio2018visualizing,
  title={Visualizing the feature importance for black box models},
  author={Casalicchio, Giuseppe and Molnar, Christoph and Bischl, Bernd},
  booktitle={Joint European Conference on Machine Learning and Knowledge Discovery in Databases},
  pages={655--670},
  year={2018},
  organization={Springer}
}


@article{koh2017understanding,
  title={Understanding black-box predictions via influence functions},
  author={Koh, Pang Wei and Liang, Percy},
  journal={arXiv preprint arXiv:1703.04730},
  year={2017}
}

@article{miller2017explainable,
  title={Explainable AI: Beware of inmates running the asylum or: How I learnt to stop worrying and love the social and behavioural sciences},
  author={Miller, Tim and Howe, Piers and Sonenberg, Liz},
  journal={arXiv preprint arXiv:1712.00547},
  year={2017}
}

@article{hooker2007generalized,
  title={Generalized functional anova diagnostics for high-dimensional functions of dependent variables},
  author={Hooker, Giles},
  journal={Journal of Computational and Graphical Statistics},
  volume={16},
  number={3},
  pages={709--732},
  year={2007},
  publisher={Taylor \& Francis}
}
