% Encoding: windows-1256

@Preamble{ " \newcommand{\noop}[1]{} " }

@book{molnar,
  title = {Interpretable Machine Learning},
  author = {Christoph Molnar},
  note = {\url{https://christophm.github.io/interpretable-ml-book/}},
  year = {2018}
}

@Article{Casalicchio2017,
  author  = {Casalicchio, Giuseppe and Bossek, Jakob and Lang, Michel and Kirchhoff, Dominik and Kerschke, Pascal and Hofner, Benjamin and Seibold, Heidi and Vanschoren, Joaquin and Bischl, Bernd},
  title   = {{OpenML}: An {R} Package to Connect to the Machine Learning Platform {OpenML}},
  journal = {Comput. Stat.},
  year    = {2017},
  day     = {19},
  doi     = {10.1007/s00180-017-0742-2},
  url = {https://doi.org/10.1007/s00180-017-0742-2},
}

@Article{harrison1978hedonic,
  author    = {Harrison Jr, David and Rubinfeld, Daniel L},
  title     = {Hedonic Housing Prices and the Demand for Clean Air},
  journal   = {Journal of environmental economics and management},
  year      = {1978},
  volume    = {5},
  number    = {1},
  pages     = {81--102},
  publisher = {Elsevier},
}

@InProceedings{zien2009feature,
  author       = {Zien, Alexander and Kr{\"a}mer, Nicole and Sonnenburg, S{\"o}ren and R{\"a}tsch, Gunnar},
  title        = {The Feature Importance Ranking Measure},
  booktitle    = {Joint European Conference on Machine Learning and Knowledge Discovery in Databases},
  year         = {2009},
  pages        = {694--709},
  organization = {Springer},
}

@Article{casalicchio2016residual,
  author    = {Casalicchio, Giuseppe and Bischl, Bernd and Boulesteix, Anne-Laure and Schmid, Matthias},
  title     = {The Residual-based Predictiveness Curve: A Visual Tool to Assess the Performance of Prediction Models},
  journal   = {Biometrics},
  year      = {2016},
  volume    = {72},
  number    = {2},
  pages     = {392--401},
  publisher = {Wiley Online Library},
}

@Article{hoeffding1948class,
  author    = {Hoeffding, Wassily},
  title     = {A Class of Statistics with Asymptotically Normal Distribution},
  journal   = {The annals of mathematical statistics},
  year      = {1948},
  pages     = {293--325},
  publisher = {JSTOR},
}

@Book{serfling2009approximation,
  title     = {Approximation Theorems of Mathematical Statistics},
  publisher = {John Wiley \& Sons},
  year      = {2009},
  author    = {Serfling, Robert J},
  volume    = {162},
}

@article{lundberg2018consistent,
  title={Consistent Individualized Feature Attribution for Tree Ensembles},
  author={Lundberg, Scott M and Erion, Gabriel G and Lee, Su-In},
  journal={arXiv preprint \href{http://arxiv.org/abs/1802.03888}{arXiv:1802.03888}},
  year={2018}
}

@Article{apley2016visualizing,
  title={Visualizing the Effects of Predictor Variables in Black Box Supervised Learning Models},
  author={Apley, Daniel W},
  journal={arXiv preprint arXiv:1612.08468},
  year={2016}
}

@Article{Bischl2012,
  author  = {Bischl, B. and Mersmann, O. and Trautmann, H. and Weihs, C.},
  title   = {Resampling Methods for Meta-model Validation with Recommendations for Evolutionary Computation},
  journal = {Evol. Comput.},
  year    = {2012},
  volume  = {20},
  number  = {2},
  pages   = {249--275},
  optdoi  = {10.1162/EVCO_a_00069},
  optisbn = {1063-6560},
  optissn = {1063-6560},
  pmid    = {22339368},
}

@Article{Datta2016,
  author  = {Datta, Anupam and Sen, Shayak and Zick, Yair},
  title   = {Algorithmic Transparency Via Quantitative Input Influence: Theory and Experiments with Learning Systems},
  journal = {Proceedings - 2016 IEEE Symposium on Security and Privacy, SP 2016},
  year    = {2016},
  pages   = {598--617},
  optdoi  = {10.1109/SP.2016.42},
  optisbn = {9781509008247},
}

@Article{Fisher2018,
  author     = {Fisher, Aaron and Rudin, Cynthia and Dominici, Francesca},
  title      = {Model Class Reliance: Variable Importance Measures for Any Machine Learning Model Class, from the {"Rashomon"} Perspective},
  journal    = {arXiv preprint \href{http://arxiv.org/abs/1801.01489}{arXiv:1801.01489}},
  year       = {2018},
  arxivid    = {1801.01489},
  eprint     = {1801.01489},
  eprinttype = {arXiv},
  opturl        = {http://arxiv.org/abs/1801.01489},
}

@Article{fenberg2015biogeographic,
  author    = {Fenberg, Phillip B and Menge, Bruce A and Raimondi, Peter T and Rivadeneira, Marcelo M},
  title     = {Biogeographic Structure of the Northeastern Pacific Rocky Intertidal: The Role of Upwelling and Dispersal to Drive Patterns},
  journal   = {Ecography},
  year      = {2015},
  volume    = {38},
  number    = {1},
  pages     = {83--95},
  publisher = {Wiley Online Library},
}

@Article{wolfe2009predicting,
  author    = {Wolfe, Frederick and Michaud, Kaleb},
  title     = {Predicting Depression in Rheumatoid Arthritis: The Signal Importance of Pain Extent and Fatigue, and Comorbidity},
  journal   = {Arthritis Care \& Research},
  year      = {2009},
  volume    = {61},
  number    = {5},
  pages     = {667--673},
  publisher = {Wiley Online Library},
}

@Article{Lundberg2017,
  author     = {Lundberg, Scott M. and Lee, Su-In},
  title      = {Consistent Feature Attribution for Tree Ensembles},
  journal    = {arXiv preprint \href{http://arxiv.org/abs/1706.06060}{arXiv:1706.06060}},
  year       = {2017},
  pages      = {15--21},
  arxivid    = {1706.06060},
  eprint     = {1706.06060},
  eprinttype = {arXiv},
  opturl        = {http://arxiv.org/abs/1706.06060},
}

@incollection{lundberg2017unified,
title = {A Unified Approach to Interpreting Model Predictions},
author = {Lundberg, Scott M and Lee, Su-In},
booktitle = {NIPS},
opteditor = {I. Guyon and U. V. Luxburg and S. Bengio and H. Wallach and R. Fergus and S. Vishwanathan and R. Garnett},
pages = {4765--4774},
volume = {30},
year = {2017},
publisher = {Curran Associates, Inc.},
opturl = {http://papers.nips.cc/paper/7062-a-unified-approach-to-interpreting-model-predictions.pdf}
}

@Article{lundberg2017unified2,
  author     = {Scott Lundberg and Su-In Lee},
  title      = {A Unified Approach to Interpreting Model Predictions},
  journal    = {arXiv preprint \href{http://arxiv.org/abs/1705.07874}{arXiv:1705.07874}},
  year       = {2017},
  arxivid    = {1705.07874},
  eprint     = {1705.07874},
  eprinttype = {arXiv},
  opturl        = {http://arxiv.org/abs/1705.07874},
}

@Article{Yang2013,
  author  = {Yang, Feng and Mao, K.Z.},
  title   = {Improving Robustness of Gene Ranking by Multi-criterion Combination with Novel Gene Importance Transformation},
  journal = {International Journal of Data Mining and Bioinformatics},
  year    = {2013},
  volume  = {7},
  number  = {1},
  pages   = {22},
  optdoi  = {10.1504/IJDMB.2013.050978},
  optissn = {1748-5673},
}

@Article{Trees2016,
  author     = {Zhu, Ruoqing and Zeng, Donglin and Kosorok, Michael R.},
  title      = {Reinforcement Learning Trees},
  journal    = {J. Am. Stat. Assoc.},
  year       = {2015},
  volume     = {110},
  number     = {512},
  pages      = {1770--1784},
  arxivid    = {15334406},
  eprint     = {15334406},
  eprinttype = {arXiv},
  optdoi     = {10.1080/01621459.2015.1036994},
  optisbn    = {0324141122},
  optissn    = {1537-274X},
  pmid       = {24655651},
}

@Article{Gregorutti2015,
  author     = {Gregorutti, Baptiste and Michel, Bertrand and Saint-Pierre, Philippe},
  title      = {Grouped Variable Importance with Random Forests and Application to Multiple Functional Data Analysis},
  journal    = {Comput. Stat. Data Anal.},
  year       = {2015},
  volume     = {90},
  pages      = {15--35},
  arxivid    = {1411.4170},
  eprint     = {1411.4170},
  eprinttype = {arXiv},
  optdoi     = {10.1016/j.csda.2015.04.002},
  optissn    = {0167-9473},
  publisher  = {Elsevier B.V.},
}

@inproceedings{ribeiro2016should,
  title={Why should i trust you?: Explaining the predictions of any classifier},
  author={Ribeiro, Marco Tulio and Singh, Sameer and Guestrin, Carlos},
  booktitle={ACM SIGKDD},
  pages={1135--1144},
  year={2016},
  organization={ACM}
}



@Article{vstrumbelj2014explaining,
  author    = {{\v{S}}trumbelj, Erik and Kononenko, Igor},
  title     = {Explaining Prediction Models and Individual Predictions with Feature Contributions},
  journal   = {Knowledge and information systems},
  year      = {2014},
  volume    = {41},
  number    = {3},
  pages     = {647--665},
  publisher = {Springer},
}

@Article{goldstein2015peeking,
  author    = {Goldstein, Alex and Kapelner, Adam and Bleich, Justin and Pitkin, Emil},
  title     = {Peeking inside the Black Box: Visualizing Statistical Learning with Plots of Individual Conditional Expectation},
  journal   = {J. Comput. Graph. Stat.},
  year      = {2015},
  volume    = {24},
  number    = {1},
  pages     = {44--65},
  publisher = {Taylor \& Francis},
}

@Article{friedman2001greedy,
  author    = {Friedman, Jerome H},
  title     = {Greedy Function Approximation: A Gradient Boosting Machine},
  journal   = {Annals of statistics},
  year      = {2001},
  pages     = {1189--1232},
  publisher = {JSTOR},
}

@Article{Lipton2016,
  author     = {Lipton, Zachary C},
  title      = {The Mythos of Model Interpretability},
  optjournal    = {ICML Workshop on Human Interpretability in Machine Learning},
  journal    = {ICML WHI '16},
  year       = {2016},
  arxivid    = {arXiv:1606.03490v1},
  eprint     = {arXiv:1606.03490v1},
  eprinttype = {arXiv},
  url       = {http://arxiv.org/abs/1606.03490},
}

@Book{Hastie2009,
  title     = {The Elements of Statistical Learning},
  publisher = {Springer New York},
  year      = {2009},
  author    = {Trevor Hastie and Robert Tibshirani and Jerome Friedman},
  optdoi    = {10.1007/978-0-387-84858-7},
}

@Article{Schielzeth2010,
  author  = {Schielzeth, Holger},
  title   = {Simple Means to Improve the Interpretability of Regression Coefficients},
  journal = {Methods Ecol. Evol.},
  year    = {2010},
  volume  = {1},
  number  = {2},
  pages   = {103--113},
  optdoi  = {10.1111/j.2041-210X.2010.00012.x},
  optisbn = {2041-210X},
  optissn = {2041-210X},
}

@Article{Ribeiro2016b,
  author     = {Ribeiro, Marco Tulio and Singh, Sameer and Guestrin, Carlos},
  title      = {Model-agnostic Interpretability of Machine Learning},
  optjournal    = {ICML Workshop on Human Interpretability in Machine Learning},
  journal    = {ICML WHI '16},
  year       = {2016},
  optnumber     = {Whi},
  arxivid    = {1606.05386},
  eprint     = {1606.05386},
  eprinttype = {arXiv},
  url = {http://arxiv.org/abs/1606.05386},
}

@Article{Hur2017,
  author  = {Hur, Jae Hee and Ihm, Sun Young and Park, Young Ho},
  title   = {A Variable Impacts Measurement in Random Forest for Mobile Cloud Computing},
  journal = {Wireless Communications and Mobile Computing},
  year    = {2017},
  volume  = {2017},
  optdoi  = {10.1155/2017/6817627},
  optissn = {1530-8677},
}

@Article{Turner2015,
  author     = {Turner, Ryan},
  title      = {A Model Explanation System},
  journal    = {NIPS Workshop},
  year       = {2015},
  volume     = {0},
  pages      = {1--5},
  annotation = {From Duplicate 2 (A Model Explanation System - Turner, Ryan) Extensions to multi-class should be easy, because if you only look at one class of interest it is again the same as the binary case. How to extend this to regression?},
  arxivid    = {1606.09517},
  eprint     = {1606.09517},
  eprinttype = {arXiv},
  optisbn    = {9781509007462},
}

@Article{Strobl2007b,
  author  = {Strobl, Carolin and Boulesteix, Anne Laure and Zeileis, Achim and Hothorn, Torsten},
  title   = {Bias in Random Forest Variable Importance Measures: Illustrations, Sources and a Solution},
  journal = {BMC Bioinf.},
  year    = {2007},
  volume  = {8},
  number  = {8},
  optdoi  = {10.1186/1471-2105-8-25},
  optisbn = {1471-2105},
  optissn = {14712105},
  pmid    = {17254353},
}

@Article{Strobl2008,
  author  = {Strobl, Carolin and Boulesteix, Anne-Laure and Kneib, Thomas and Augustin, Thomas and Zeileis, Achim},
  title   = {Conditional Variable Importance for Random Forests.},
  journal = {BMC Bioinf.},
  year    = {2008},
  volume  = {9},
  pages   = {307},
  optdoi  = {10.1186/1471-2105-9-307},
  optissn = {1471-2105},
  pmid    = {18620558},
}

@Article{Li2003,
  author  = {Li, Qi and Racine, Jeff},
  title   = {Nonparametric Estimation of Distributions with Categorical and Continuous Data},
  journal = {Journal of Multivariate Analysis},
  year    = {2003},
  volume  = {86},
  number  = {2},
  pages   = {266--292},
  optdoi  = {10.1016/S0047-259X(02)00025-8},
  optissn = {0047-259X},
}

@Article{Hayfield2008,
  author     = {Hayfield, Tristen and Racine, Jeffrey S},
  title      = {Nonparametric Econometrics: The Np Package},
  journal    = {J. Stat. Softw.},
  year       = {2008},
  volume     = {27},
  number     = {5},
  pages      = {1--32},
  arxivid    = {1309.3295},
  eprint     = {1309.3295},
  eprinttype = {arXiv},
  optdoi     = {10.1198/jasa.2001.s374},
  optisbn    = {1548-7660},
  optissn    = {1548-7660},
}


@Article{miller2017explanation,
  author  = {Miller, Tim},
  title   = {Explanation in Artificial Intelligence: Insights from the Social Sciences},
  journal = {arXiv preprint arXiv:1706.07269},
  year    = {2017},
}



@Article{kononenko2010efficient,
  author  = {{\v{S}}trumbelj, Eri and Kononenko, Igor and Wrobel, Stefan},
  title   = {An Efficient Explanation of Individual Classifications Using Game Theory},
  journal = {J. Mach. Learn. Res.},
  year    = {2010},
  volume  = {11},
  number  = {Jan},
  pages   = {1--18},
  optisbn = {15324435},
  optissn = {1532-4435},
}


@article{adadi2018peeking,
  title={Peeking inside the black-box: A survey on Explainable Artificial Intelligence (XAI)},
  author={Adadi, Amina and Berrada, Mohammed},
  journal={IEEE Access},
  year={2018},
  publisher={IEEE}
}


